<?xml version="1.0" encoding="UTF-8"?><collection xmlns="http://www.loc.gov/MARC21/slim"><record><leader>00406nam--2200157-i-4500</leader><controlfield tag="001">000049866</controlfield><controlfield tag="002">20161230</controlfield><controlfield tag="005">20170107005906</controlfield><controlfield tag="008">060222s1000------------r-----000-0-eng-d</controlfield><datafield ind1=" " ind2=" " tag="080"><subfield code="a">541.18:541.183:538.971(061.3)</subfield></datafield><datafield ind1=" " ind2=" " tag="245"><subfield code="a">Preprints of contributed papers</subfield></datafield><datafield ind1=" " ind2=" " tag="260"><subfield code="a">Budapest</subfield><subfield code="b">Akad©♭miai Kiad©đ</subfield><subfield code="c">1975</subfield></datafield><datafield ind1=" " ind2=" " tag="300"><subfield code="a">XII+776 p</subfield></datafield><datafield ind1=" " ind2=" " tag="700"><subfield code="a">Wolfram, E</subfield></datafield><datafield ind1=" " ind2=" " tag="852"><subfield code="a">45875</subfield></datafield><datafield ind1=" " ind2=" " tag="CAT"><subfield code="a">SYS</subfield><subfield code="c">20170107</subfield><subfield code="h">005906</subfield></datafield></record></collection>